@online{wiki_flashspeicher,
    author={Wikipedia},
    title={Flashspeicher},
    url={https://de.wikipedia.org/wiki/Flash-Speicher},
    date={2018-04-02},
    urldate={2018-04-05}
}
@online{flashspeicherat,
    url={http://www.flash-speicher.at/aufbau/allgemeine-funktionsweise.html},
    title={Flash Speicher Informationen},
    author={Flashspeicher.at},
    urldate={2018-03-05}
}
@online{mosfetkomp,
    title={MOS-Feldeffekttransistor (MOS-FET)},
    author={Elektronik-Kompendium.de},
    url={https://www.elektronik-kompendium.de/sites/bau/0510161.htm},
    urldate={2018-04-05}
}
@online{quora,
    title={[Antwort auf die Frage 'How does a floating-gate transistor work?'] [Forumeintrag]},
    author={Anthony Yeh},
    date={2011-11-08},
    url={https://www.quora.com/How-does-a-floating-gate-transistor-work},
    urldate={2018-04-05},
}
@online{mosfetshop,
    title={P-Channel MOSFET 20V 24A - low Vgs(th) [Onlineshop]},
    author={Sparkfun.com},
    url={https://www.sparkfun.com/products/12901},
    urldate={2018-04-06}
}
@online{dotierungwiki,
    title={Dotierung},
    author={Wikipedia},
    url={https://de.wikipedia.org/wiki/Dotierung},
    date={2018-03-29},
    urldate={2018-04-06}
}
@online{mosfetwiki,
    title={Metall-Oxid-Halbleiter-Feldeffekttransistor},
    author={Wikipedia},
    url={https://de.wikipedia.org/wiki/Metall-Oxid-Halbleiter-Feldeffekttransistor},
    date={2018-03-22},
    urldate={2018-04-06}
}
@online{fgfetwiki,
    title={Floating-Gate-Transistor},
    author={Wikipedia},
    url={https://de.wikipedia.org/wiki/Floating-Gate-Transistor},
    date={2018-01-18},
    urldate={2018-04-06}
}
@online{tunneleffektwiki,
    title={Tunneleffekt},
    author={Wikipedia},
    url={https://de.wikipedia.org/wiki/Tunneleffekt},
    date={2018-03-20},
    urldate={2018-04-06}
}
@online{flashspeicherkomp,
    title={Flash-Speicher / Flash-Memory},
    author={Elektronik-Kompendium.de},
    url={https://www.elektronik-kompendium.de/sites/com/0312261.htm},
    urldate={2018-04-06}
}